@article{Bentley2008,
  author  = {Bentley, D. R. and Balasubramanian, S. and Swerdlow, H. P. and Smith, G. P. and Milton, J. and Brown, C. G. and Hall, K. P. and Evers, D. J. and Barnes, C. L. and Bignell, H. R. and Boutell, J. M. and Bryant, J. and Carter, R. J. and Cheetham, R. K. and Cox, A. J. and Ellis, D. J. and Flatbush, M. R. and Gormley, N. A. and Humphray, S. J. and Smith, A. J.},
  title   = {Accurate whole human genome sequencing using reversible terminator chemistry},
  journal = {Nature},
  year    = {2008},
  volume  = {456},
  number  = {7218},
  pages   = {53--59},
  doi     = {10.1038/nature07517}
}

@article{Boore1999,
  author  = {Boore, Jeffrey L.},
  title   = {Animal mitochondrial genomes},
  journal = {Nucleic Acids Research},
  year    = {1999},
  volume  = {27},
  number  = {8},
  pages   = {1767--1780},
  doi     = {10.1093/nar/27.8.1767}
}

@article{Cameron2014,
  author  = {Cameron, Stephen L.},
  title   = {Insect Mitochondrial Genomics: Implications for Evolution and Phylogeny},
  journal = {Annual Review of Entomology},
  year    = {2014},
  volume  = {59},
  pages   = {95--117},
  doi     = {10.1146/annurev-ento-011613-162007}
}

@article{Dierckxsens2017,
  author  = {Dierckxsens, Nicolas and Mardulyn, Patrick and Smits, Guillaume},
  title   = {NOVOPlasty: de novo assembly of organelle genomes from whole genome data},
  journal = {Nucleic Acids Research},
  year    = {2017},
  volume  = {45},
  number  = {4},
  pages   = {e18},
  doi     = {10.1093/nar/gkw955}
}

@article{Edgar2011,
  author  = {Edgar, Robert C. and Haas, Brian J. and Clemente, Jose C. and Quince, Christopher and Knight, Rob},
  title   = {UCHIME improves sensitivity and speed of chimera detection},
  journal = {Bioinformatics},
  year    = {2011},
  volume  = {27},
  number  = {16},
  pages   = {2194--2200},
  doi     = {10.1093/bioinformatics/btr381}
}

@article{Glenn2011,
  author  = {Glenn, Travis C.},
  title   = {Field guide to next‐generation DNA sequencers},
  journal = {Molecular Ecology Resources},
  year    = {2011},
  volume  = {11},
  number  = {5},
  pages   = {759--769},
  doi     = {10.1111/j.1755-0998.2011.03024.x}
}

@article{Hahn2013,
  author  = {Hahn, Christoph and Bachmann, Lutz and Chevreux, Bjoern},
  title   = {Reconstructing mitochondrial genomes directly from genomic next-generation sequencing reads—a baiting and iterative mapping approach},
  journal = {Nucleic Acids Research},
  year    = {2013},
  volume  = {41},
  number  = {13},
  pages   = {e129},
  doi     = {10.1093/nar/gkt371}
}

@article{Jin2020,
  author  = {Jin, Jian-Jun and Yu, Wen-Bin and Yang, Jie and Song, Yue and dePamphilis, Claude W. and Yi, Ting-Shuang and Li, De-Zhu},
  title   = {GetOrganelle: a fast and versatile toolkit for accurate de novo assembly of organelle genomes},
  journal = {Genome Biology},
  year    = {2020},
  volume  = {21},
  number  = {1},
  pages   = {241},
  doi     = {10.1186/s13059-020-02154-5}
}

@article{Judo1998,
  author  = {Judo, Michael S. B. and Wedel, William R. and Wilson, Beth H.},
  title   = {Stimulation and suppression of PCR-mediated recombination},
  journal = {Nucleic Acids Research},
  year    = {1998},
  volume  = {26},
  number  = {7},
  pages   = {1819--1825},
  doi     = {10.1093/nar/26.7.1819}
}

@article{Labrador2021,
  author  = {Labrador, Kevin and Agmata, Altair and Palermo, Joseph Dominic and Ravago-Gotanco, Rachel and Pante, Ma. Josefa},
  title   = {Mitochondrial DNA reveals genetically structured haplogroups of Bali sardinella (Sardinella lemuru) in Philippine waters},
  journal = {Regional Studies in Marine Science},
  year    = {2021},
  volume  = {41},
  pages   = {101588},
  doi     = {10.1016/j.rsma.2020.101588}
}

@article{Metzker2010,
  author  = {Metzker, Michael L.},
  title   = {Sequencing technologies — the next generation},
  journal = {Nature Reviews Genetics},
  year    = {2010},
  volume  = {11},
  number  = {1},
  pages   = {31--46},
  doi     = {10.1038/nrg2626}
}

@article{Qiu2001,
  author  = {Qiu, Xiaoyan and Wu, Liyou and Huang, Hailiang and McDonel, Patrick E. and Palumbo, Anthony V. and Tiedje, James M. and Zhou, Jizhong},
  title   = {Evaluation of PCR-Generated Chimeras, Mutations, and Heteroduplexes with 16S rRNA Gene-Based Cloning},
  journal = {Applied and Environmental Microbiology},
  year    = {2001},
  volume  = {67},
  number  = {2},
  pages   = {880--887},
  doi     = {10.1128/AEM.67.2.880-887.2001}
}


@article{Rognes2016,
  author  = {Rognes, T. and Flouri, T. and Nichols, B. and Quince, C. and Mah{\'e}, F.},
  title   = {VSEARCH: a versatile open source tool for metagenomics},
  journal = {PeerJ},
  year    = {2016},
  volume  = {4},
  pages   = {e2584},
  doi     = {10.7717/peerj.2584}
}

@techreport{Willette2011,
  author      = {Willette, Devin and Bognot, Enrique and Mutia, Ma. Theresa and Santos, Mudjekeewis},
  title       = {Biology and Ecology of Sardines in the Philippines: A Review},
  institution = {NFRDI Technical Paper Series},
  year        = {2011},
  volume      = {13},
  number      = {1},
  pages       = {1--35},
  url         = {https://nfrdi.da.gov.ph/tpjf/etc/Willette\%20et\%20al.\%20Sardines\%20Review.pdf}
}